2026 3796
49 219 108 280 2⁷⁶
329 208 488 272 Gnoso.
536 212 622 273 LIB.
645 210 709 276 lv.

50 362 347 427 HicnuncEmsthixe
359 371 462 440 portus
475 366 793 444 patriamquerevisit
896 368 927 426 td

50 471 202 531 Pellenen:
222 469 297 525 hunc
310 473 340 526 et
351 469 488 543 nymphae
502 489 706 539 veneramur,
722 482 754 532 et
765 472 823 550 ipss
951 534 954 541 ,

52 573 226 634 Grandaevin
239 570 366 629 Nereus:
387 571 470 629 novit
482 591 623 651 namque
638 577 745 635 omnia
756 585 838 642 πω,
951 566 954 571 ¹

53 675 125 740 Quae
138 675 203 741 sint,
218 692 278 749 qun
290 672 405 738 fuerint,
419 693 485 748 quae
499 694 578 732 mox
593 687 729 737 ventura
740 680 880 738 waharm-
952 692 959 759 Ι

54 777 166 854 coppe
178 777 219 834 ia
231 775 364 851 Neptuno
376 774 470 833 visum
483 786 553 836 est:
575 779 820 859 immutandus
954 762 959 875 Ἰ

53 884 201 948 Armenta,
216 890 245 940 et
256 889 352 956 turpes
364 881 456 957 poscit
469 882 525 939 sub
539 885 669 960 gurgite
682 887 801 962 phocas.
898 882 933 942 tt
955 888 959 911 ³

52 988 109 1046 Hic
122 987 183 1052 tibi,
198 966 273 1052 mite,
286 984 365 1061 prius
376 984 475 1042 vinclis
488 986 667 1061 capiendus,
683 998 721 1049 ut
734 1008 843 1048 omnem

51 1090 192 1167 Expediet
204 1089 294 1147 morbi
306 1107 430 1155 causam,
443 1097 630 1167 eventusque
644 1095 799 1152 secundet
959 1130 964 1181 ἱ

53 1192 129 1251 Nam
142 1191 648 1269 sinerinonidledabitpraeoepta,
665 1215 765 1271 neque
778 1196 855 1254 illum
962 1218 972 1273 ¹,

54 1295 171 1355 Orando
183 1297 280 1355 flectes
291 1317 299 1354 ε
319 1295 376 1354 vim
389 1295 488 1352 duram
500 1302 530 1352 et
542 1295 668 1355 vincula
681 1307 770 1374 capto

53 1400 167 1459 Tende:
188 1399 246 1456 doli
257 1396 365 1457 circum
376 1398 439 1456 haec
451 1398 569 1455 demum
583 1399 765 1476 frangentur
776 1402 878 1459 inanat
900 1398 939 1456 ⁴oe

53 1504 120 1581 Ipsa
133 1523 186 1580 ego
198 1511 238 1570 te,
252 1500 491 1560 medioscumsol
502 1502 672 1562 accenderit
686 1514 786 1571 aestus,
967 1484 970 1489 ¹

55 1608 129 1665 Cum
142 1605 241 1664 sitiunt
255 1605 359 1672 herbae,
373 1613 403 1662 et
414 1603 509 1680 pecori
517 1605 580 1678 jam
592 1608 710 1681 gratior
721 1609 826 1666 umbra
837 1615 885 1672 est,
972 1640 979 1687 ¹„

55 1711 90 1768 In
103 1717 211 1768 secreta
222 1708 298 1767 senis
311 1708 420 1773 ducam,
434 1706 593 1782 quofesaus
606 1709 646 1767 ab
659 1702 749 1769 undis
972 1732 979 1805 p

56 1812 94 1870 Se
108 1812 222 1888 recipit;
243 1811 324 1869 facile
337 1817 370 1868 ut
382 1829 480 1867 somno
493 1811 661 1886 aggrediare
671 1813 830 1887 jacentem.

55 1915 162 1973 Verum
175 1915 224 1971 ubi
237 1923 396 1990 correptum
409 1913 548 1980 manibus,
562 1915 724 1991 vinclisque
737 1918 864 1983 tenebis;
901 1916 945 1972 405
974 1884 980 1931 ⁴

55 2018 131 2077 Tum
142 2019 226 2076 variae
239 2018 355 2075 eludent
367 2016 472 2093 species
485 2023 569 2092 atque
583 2036 634 2075 ora
645 2017 785 2077 ferarum.
981 2006 984 2019 ¹

56 2122 119 2180 Fiet
131 2121 207 2179 enim
220 2120 313 2178 subito
327 2140 373 2178 sus
385 2119 523 2186 horridus,
538 2128 655 2196 atraque
669 2123 764 2199 tigris,

58 2225 284 2301 Squsmosusque
297 2225 390 2290 draco,
405 2233 435 2281 et
446 2223 523 2281 fulva
535 2225 643 2283 cervice
656 2225 771 2285 leaena:

57 2329 118 2386 Aut
130 2347 222 2387 acrem
235 2329 356 2385 flammae
368 2327 492 2384 sonitum
505 2327 591 2393 dabit,
605 2335 694 2404 atque
707 2330 750 2388 ite
761 2330 866 2390 vinclis

57 2431 185 2497 Excidet,
200 2431 292 2489 autin
304 2450 391 2506 equas
404 2440 502 2489 tenues
516 2430 640 2505 dilapsn
653 2432 757 2492 abibit.
904 2435 951 2492 410

59 2533 116 2592 Sed
130 2544 235 2611 quanto
248 2535 296 2593 ille
308 2534 399 2610 magis
412 2535 514 2593 formas
527 2553 558 2592 se
570 2542 662 2594 vertet
673 2535 708 2594 in
721 2557 834 2604 omnes,
869 2524 875 2532 ’

56 2636 159 2702 Tanto,
174 2615 248 2703 na'te,
263 2639 353 2713 magis
367 2638 503 2697 contende
516 2639 627 2696 tenacia
638 2638 754 2707 vincle;

58 2738 157 2799 Donec
170 2741 234 2799 talis
248 2741 310 2807 erit,
324 2750 434 2802 mutato
446 2732 572 2818 corpore,
588 2743 702 2818 qualem

59 2955 176 3004 fictitious
200 2957 339 3004 sea-horsea
365 2969 407 3004 are
434 2969 491 3016 sup·
525 2956 553 3004 of
561 2955 672 3014 Proteus,
684 2957 783 3017 though
802 2959 823 3006 it
843 2960 889 3008 has
905 2960 956 3007 bem

59 3023 134 3079 posed
155 3026 182 3067 to
210 3020 328 3068 resemble
356 3022 440 3068 hones
467 3022 493 3067 in
525 3021 623 3081 already
644 3021 766 3070 observed
788 3023 887 3073 Homer
906 3025 957 3072 catis

58 3085 124 3131 their
142 3085 261 3144 soreparts
280 3085 341 3132 with
359 3089 410 3133 two
432 3087 490 3144 legs,
525 3086 578 3133 him
598 3098 629 3132 en
647 3085 781 3146 Egyptian.
815 3089 857 3137 He
876 3090 956 3149 might,

58 3149 107 3195 and
117 3154 144 3196 to
155 3152 202 3196 end
217 3151 242 3196 in
260 3149 329 3196 atail
344 3150 393 3197 like
410 3150 492 3197 tithei.
524 3151 638 3211 perhaps,
656 3150 687 3197 be
703 3151 814 3199 bomin
835 3153 956 3208 Macedon.

57 3209 274 3274 ThereforeVirgil
282 3214 340 3260 calls
351 3215 420 3262 them
430 3214 492 3262 both
524 3215 572 3262 and
583 3216 644 3262 then
653 3216 735 3262 travel
745 3216 800 3265 into
810 3218 909 3280 Egypt3
925 3218 957 3265 ior

57 3272 131 3322 fishes
141 3279 190 3323 and
200 3279 292 3325 horsea.
523 3281 655 3339 according
665 3283 692 3327 to
704 3278 860 3341 Herodotus,
874 3284 905 3330 he
914 3294 957 3328 aaa

89 3339 223 3404 Pallenen]
260 3342 357 3390 Pallene
375 3342 396 3390 is
413 3357 429 3390 a
446 3356 489 3403 pe·
522 3357 555 3391 an
565 3344 669 3394 obscure
679 3356 771 3406 person
782 3346 808 3394 in
819 3349 878 3396 that
888 3360 955 3397 coun-

55 3398 154 3450 nlnsula
183 3406 210 3451 of
236 3406 363 3453 Macedon.
412 3407 491 3467 Virgil
522 3412 572 3469 try.

53 3465 140 3518 makes
157 3468 208 3519 this
224 3471 270 3519 the
288 3469 375 3519 native
389 3476 496 3530 country
528 3486 531 3491 ·
