2026 3796
333 215 487 292 ¹(suono.
528 215 599 274 uu.
617 215 668 273 ιν.
899 217 953 273 257

56 367 104 426 lit
116 367 234 434 sonitsn,
248 386 385 444 magnum
396 368 500 427 mixte
509 368 701 444 glomerantsn
713 367 745 426 in
757 365 863 432 orbem.

56 470 272 547 Praeoipitesqus
284 473 406 531 eadunt:
427 490 486 530 non
498 473 610 531 densior
622 479 688 532 aere
701 472 818 548 grando,
919 470 959 535 Ν
991 506 993 511 ·

56 573 120 632 Nee
131 575 167 631 de
180 592 316 632 ooneussa
328 582 440 640 butum
452 573 525 648 pluit
531 573 600 632 'ilioe
613 573 733 650 glandis.

58 676 115 751 Ipsi
128 694 179 751 per
192 675 297 733 medias
310 676 394 741 a‘cies,
408 676 565 751 insignibus
578 676 640 742 alis,

57 777 191 853 lugentes
204 778 313 836 animos
326 787 447 854 angusto
459 779 489 836 in
502 786 617 854 pectore
629 786 751 844 versant,

52 880 153 955 ‚Usque
166 882 237 938 adeo
249 880 350 939 obnixi
361 900 419 939 non
432 883 539 946 cedere,
553 882 621 939 dum
633 881 726 958 gravis
738 889 788 939 aut
800 881 862 947 bos,

56 982 180 1040 Authos
193 983 456 1058 versafiagevictor
469 985 628 1059 dssetergn
639 984 760 1060 subegit.
921 985 957 1041 85

58 1086 98 1142 Hi
112 1095 205 1143 motus
217 1086 384 1152 animorum,
399 1095 483 1160 atque
496 1088 555 1145 haec
568 1087 723 1144 certamina
734 1094 815 1145 mla

58 1188 184 1247 Pulveris
196 1188 293 1264 exigui
302 1190 383 1263 jactu
395 1208 555 1264 compressa
567 1190 721 1263 quiessent.

58 1292 166 1350 Verum
178 1292 228 1350 ubi
239 1293 369 1350 ductores
382 1293 441 1350 soie
455 1293 626 1352 revocaveris
638 1293 744 1357 ambos,

58 1396 189 1454 Deteaior
201 1395 250 1470 qui
261 1395 347 1460 visus,
361 1414 436 1461 eum,
450 1414 487 1452 ne
499 1396 633 1470 prodigus
644 1388 729 1461 obsit.

59 1498 139 1556 Dede
151 1497 234 1565 neci;
253 1497 353 1555 melior
365 1516 454 1556 vaona
466 1497 527 1554 sine
539 1496 779 1572 regnetinauls.
923 1500 961 1556 90

59 1602 141 1659 Alter
153 1602 207 1659 erit
219 1601 336 1658 maculis
348 1619 417 1659 auro
430 1600 622 1675 squalentibus
634 1601 744 1665 ardens,

59 1703 135 1760 Nam
148 1703 204 1760 duo
217 1711 283 1760 sunt
296 1721 409 1778 genera,
423 1703 470 1760 hio
481 1702 590 1768 melior,
605 1702 723 1778 insignis
735 1710 765 1760 et
778 1720 836 1768 ore,

59 1807 98 1863 Et
110 1806 201 1863 rutilis
215 1806 306 1863 clausa
319 1805 441 1880 squamis
452 1827 459 1871 ;
480 1805 528 1862 ille
540 1805 669 1863 horridus
682 1806 754 1863 alter

58 1908 182 1973 Desidia,
197 1909 339 1983 latamque
351 1908 465 1965 trahens
478 1907 614 1983 inglorius
627 1907 732 1965 alvum.
803 1970 808 1985 ,

60 2013 102 2070 Ut
114 2012 188 2069 binae
201 2030 300 2087 regum
313 2010 407 2076 facies,
422 2010 463 2067 its
475 2010 592 2085 corpora
603 2009 702 2084 plebis.
924 2012 961 2068 95

60 2115 191 2189 Namque
204 2114 267 2172 aliae
280 2123 377 2188 turpes
389 2114 524 2178 horrent;
546 2131 599 2169 oen
610 2111 724 2186 pulvere
738 2111 773 2168 ab
786 2111 844 2168 alto

62 2218 137 2276 Cum
149 2217 235 2283 venit,
250 2225 279 2274 et
292 2215 366 2274 sicco
378 2223 483 2274 terram
497 2214 574 2290 spuit
586 2233 634 2272 ore
647 2214 737 2272 viator

60 2322 182 2386 Aridus;
204 2320 316 2377 elucent
328 2318 400 2384 alioe,
414 2327 445 2376 et
456 2318 566 2393 fulgore
580 2323 743 2375 comssoaut

60 2425 201 2485 Ardentes
213 2443 291 2490 auro,
306 2430 336 2480 et
347 2421 461 2498 paribus
473 2421 525 2478 lita
536 2439 655 2495 oorpora
666 2417 766 2494 guttis.

60 2528 132 2584 Haec
144 2525 377 2602 potiorsoboles:
400 2524 466 2580 hinc
480 2522 542 2579 caeli
555 2530 681 2596 tempore
695 2528 772 2578 certo
908 2522 964 2576 100

62 2629 166 2688 Dulcia
177 2628 263 2687 mella
273 2646 384 2703 premes
394 2650 401 2693 ;
422 2644 475 2682 nec
487 2632 600 2682 tentum
612 2623 714 2689 dulcia,
728 2629 865 2698 quantum

62 2733 102 2790 Et
113 2732 228 2808 liquida
242 2739 271 2788 et
284 2731 386 2787 durum
399 2728 503 2786 Baoehi
516 2725 656 2815 domitura
668 2743 805 2800 saporem.

63 2839 104 2895 At
116 2856 182 2894 cum
194 2836 302 2892 ineerta
312 2832 418 2897 volant,
434 2830 557 2904 coeloque
570 2828 703 2886 examina
714 2827 825 2891 ludunt,

66 2941 314 3012 contemnuntque
326 2935 414 3000 favos,
429 2942 459 2991 et
471 2931 573 3007 frigida
584 2938 661 2987 tecta
672 2928 835 3002 relinquunt
845 2949 852 2991 ;

102 3118 375 3180 meobiductores]
412 3114 502 3162 lnthis
534 3113 770 3169 meanstoprevent
781 3110 825 3157 the
836 3109 893 3156 bees
904 3109 968 3156 {rom

66 3188 202 3250 paragraph
212 3188 255 3232 the
267 3189 324 3244 poet
334 3181 434 3230 teeches
445 3181 501 3227 how
533 3174 630 3234 leaving
640 3173 705 3220 their
715 3173 841 3220 situation.

66 3262 93 3301 to
109 3251 256 3310 distinguish
272 3250 315 3295 the
337 3247 392 3294 best
408 3248 461 3292 sort
477 3243 505 3289 oi
567 3237 667 3298 ltlgs'da
679 3237 761 3298 tecta]
797 3237 851 3282 Itis
862 3237 888 3282 in
899 3250 968 3283 sum·

67 3319 132 3366 bees.
535 3316 588 3350 mer
603 3303 659 3348 that
675 3302 719 3348 the
735 3301 792 3348 bees
808 3313 905 3358 swarm,
920 3302 970 3348 and

100 3383 134 3427 At
152 3391 207 3425 eum
225 3378 317 3423 ineerta
335 3372 425 3429 volam,
442 3369 497 3432 aa]
535 3381 562 3416 as
572 3369 631 3424 they
643 3378 684 3412 are
694 3369 721 3412 to
732 3365 763 3411 be
773 3364 892 3412 defended
904 3365 969 3411 from

66 3446 125 3492 ‘l'his
150 3441 286 3503 paragraph
307 3442 383 3486 treats
408 3437 436 3484 of
459 3435 503 3482 the
534 3433 579 3480 the
589 3429 740 3478 extremities
749 3428 777 3476 of
784 3430 843 3476 hest
851 3429 899 3476 and
907 3430 975 3484 colu„

502 3526 552 3583 nb
