2026 3796
354 158 500 216 GEORG.
541 159 611 216 LIB.
634 160 656 215 1.
894 165 946 221 157

59 311 233 386 Quocunque
245 310 294 368 illa
305 311 395 369 levem
406 310 516 386 fugiens
529 319 606 369 secat
618 311 721 370 aethera
733 313 841 386 pennis,

57 417 132 474 Ecce
145 415 272 473 inimicus
285 424 366 474 atrox
377 434 481 490 magno
494 415 612 474 stridore
624 435 676 491 per
686 435 768 474 auras

56 520 216 594 Insequitur
228 518 331 576 Nisus:
352 536 407 593 qua
419 538 449 577 se
461 519 516 576 fert
528 518 614 577 Nisus
627 520 663 577 ad
676 539 766 586 auras,

56 625 110 681 llla
121 624 211 682 levem
224 623 336 699 firgiens
346 623 448 699 raptim
461 630 537 681 secat
550 623 655 681 aethera
665 625 794 699 penniss¹

55 727 131 785 'lum
143 726 261 802 liquidos
274 727 349 784 corvi
360 746 455 802 presso
468 734 512 785 ter
525 735 639 803 gutture
652 747 742 793 voces,
890 733 949 787 410

55 829 116 887 Aut
129 838 226 904 quater
238 829 413 906 ingeminant
423 852 431 896 ;
452 839 481 888 et
493 849 566 905 saepe
578 830 640 888 cub'
654 830 715 890 ‘bus
727 832 800 898 altis,

55 933 159 990 Nescio
172 952 228 1009 qua
239 942 340 1008 praeter
351 933 465 991 solitum
478 933 558 992 dulce
579 934 585 947 '
685 935 702 1001 ',

57 1037 136 1095 Inter
149 1056 178 1094 se
190 1037 263 1094 foliis
276 1037 440 1112 strepitant:
458 1039 538 1113 juvat
550 1026 684 1096 im‘bribus
696 1039 767 1097 sctis

55 1141 221 1218 Progeniem
234 1160 356 1216 parvam,
371 1140 518 1215 dulcesque
532 1141 651 1199 revisere
663 1142 752 1200 nidos.

55 1244 143 1301 Haud
156 1244 282 1319 equidem
295 1245 387 1310 credo,
402 1244 467 1319 quia
479 1243 516 1302 sit
529 1245 728 1303 divinitusillis
892 1251 949 1305 415

55 1348 215 1424 Ingenium,
230 1358 279 1406 aut
291 1324 384 1406 rerum¹
396 1348 454 1406 lato
467 1349 614 1423 prudentia
625 1351 714 1424 major
726 1371 733 1406 :
790 1392 795 1399 .

54 1451 173 1516 Verum,
188 1452 236 1509 ubi
248 1460 407 1527 tempestas,
421 1459 451 1509 et
464 1451 524 1509 caeli
536 1452 645 1510 mobilis
658 1454 758 1511 humor

54 1558 204 1615 Mutavere
218 1557 284 1623 tias,
299 1565 329 1614 et
340 1555 452 1632 Jupiter
464 1555 566 1614 uvidus·
575 1556 676 1613 aiustris

53 1661 165 1719 Densat
178 1670 257 1718 erant
270 1680 332 1734 quae
345 1679 408 1717 rara
419 1660 513 1725 modo,
528 1667 557 1717 et
570 1680 631 1735 quae
645 1660 731 1719 densa
743 1660 868 1727 relano

53 1765 213 1823 Vertimtur
225 1764 332 1840 species
344 1765 509 1832 animorum,
523 1773 553 1823 et
565 1773 678 1841 pectora
690 1773 782 1824 motus
891 1770 949 1825 420

53 1869 140 1926 Nunc
153 1869 230 1934 alios.
246 1869 314 1927 alios
327 1868 394 1927 du1n
407 1869 503 1927 nubila
515 1876 614 1928 ventus
627 1870 738 1945 agebat,

54 1973 233 2048 Concipiunt.
274 1973 351 2031 Hinc
362 1974 409 2030 ille
422 1973 515 2031 avium
528 1980 679 2030 concentus
691 1973 722 2029 in
734 1973 818 2048 agris,

53 2078 93 2135 Et
105 2079 178 2135 laetae
191 2079 319 2153 pecudes,
334 2086 363 2135 et
375 2084 489 2135 orantes
502 2083 615 2152 gutture
629 2076 713 2134 corvi.
738 2130 741 2135 ,

56 2179 88 2238 Si
101 2200 166 2237 vero
180 2180 267 2237 solem
279 2180 315 2237 ed
328 2179 463 2254 rapidum,
477 2174 612 2253 lunarique
624 2186 770 2252 sequentes

56 2283 163 2341 Ordine
176 2283 324 2357 respicies3
344 2301 488 2357 nunquam
501 2290 528 2340 te
542 2281 663 2338 crastina
675 2281 753 2339 fallet
890 2285 946 2339 425

54 2390 143 2452 Hora,
156 2406 247 2462 neque
259 2386 365 2444 insidiis
377 2386 467 2443 noctis
479 2386 587 2460 capiere
601 2404 713 2443 serenae,

56 2495 137 2550 Luna
149 2498 318 2548 revertentes
331 2510 395 2548 cum
407 2489 527 2565 primum
540 2488 646 2566 colligit
658 2489 747 2566 ignes,

56 2598 87 2656 si
101 2597 212 2672 nigrum
225 2595 343 2653 obscuro
355 2593 559 2669 comprenderit
571 2599 637 2651 aera
650 2612 745 2657 cornu,

56 2703 200 2760 lllaximus
213 2699 341 2778 agricolis
354 2699 507 2776 pelagoque
520 2697 662 2773 parabitur
674 2697 770 2754 imber.

56 2807 104 2870 At,
120 2806 143 2863 si
155 2805 310 2881 rirgineum
321 2803 468 2861 suffuderit
480 2821 528 2860 ore
541 2801 678 2866 ruborem,
889 2803 947 2858 430

91 2980 162 3026 Haud
192 2980 295 3040 equidem
324 2979 400 3036 credo,
428 2979 482 3041 se]
518 2978 662 3025 melaetion
690 2978 737 3023 and
759 2976 862 3035 density,
885 2977 946 3024 huwe

59 3045 124 3091 licre
135 3045 210 3104 Virgil
222 3046 307 3105 speaks
318 3058 344 3091 as
355 3057 386 3090 an
397 3043 484 3103 Epicu·
518 3056 584 3103 upon
594 3043 657 3089 their
668 3042 758 3089 bodies.

60 3123 136 3156 rean:
160 3110 191 3155 he
209 3111 267 3156 does
285 3114 329 3156 not
349 3109 419 3156 allow
439 3120 486 3166 any
550 3108 577 3152 Si
591 3121 652 3162 cero,
665 3107 719 3168 tre]
755 3105 851 3165 Having
862 3106 945 3153 shown

60 3175 140 3220 divine
161 3174 302 3233 knowledge
322 3187 350 3220 or
368 3173 486 3232 loresight
517 3172 574 3218 how
583 3172 627 3218 the
637 3172 742 3229 changes
752 3170 780 3217 ol
787 3172 893 3217 westher
905 3186 945 3219 are

59 3246 86 3285 to
95 3239 124 3284 be
133 3238 158 3283 in
166 3237 239 3294 birds,
247 3238 374 3299 butjustly
383 3238 487 3284 ascribes
518 3235 643 3296 predicted
661 3235 693 3294 by
711 3234 820 3292 animale,
841 3237 872 3283 he
891 3249 946 3283 now

59 3307 128 3349 these
139 3303 243 3361 changes
251 3303 277 3349 in
284 3303 348 3349 their
356 3302 488 3349 behaviour
519 3301 635 3360 proceeds
653 3305 679 3346 to
696 3300 792 3360 explain
810 3300 853 3347 the
874 3314 945 3361 prog-

59 3375 85 3415 to
96 3369 138 3414 the
150 3367 233 3413 effects
245 3367 325 3414 which
339 3368 383 3414 the
398 3368 486 3413 altera·
520 3365 611 3411 nostics
622 3365 685 3411 from
695 3366 738 3411 the
749 3378 796 3411 sun
805 3367 855 3411 and
864 3378 952 3418 meon„

59 3435 124 3479 tions
139 3432 166 3478 of
180 3434 222 3478 the
237 3432 280 3488 air,
295 3432 354 3479 with
366 3433 453 3492 regard
462 3437 490 3480 to
524 3429 672 3492 andilegum
679 3430 902 3477 withthemoon.

506 3545 523 3589 Β
